@misc{dask,
  title = {Dask: Library for dynamic task scheduling},
  author = {{Dask Development Team}},
  year = {2016},
  url = {https://dask.org},
}

@misc{lcapy,
  title = {Lcapy, a Python package for linear circuit analysis},
  author = {{The Lcapy developers}},
  year = {2014},
  url = {https://lcapy.readthedocs.io},
}

@misc {ray,
  author = {Philipp Moritz and Robert Nishihara and Stephanie Wang and Alexey Tumanov and Richard Liaw and Eric Liang and Melih Elibol and Zongheng Yang and William Paul and Michael I. Jordan and Ion Stoica},
  title = {Ray: A Distributed Framework for Emerging {AI} Applications},
  booktitle = {13th {USENIX} Symposium on Operating Systems Design and Implementation ({OSDI} 18)},
  year = {2018},
  isbn = {978-1-939133-08-3},
  address = {Carlsbad, CA},
  pages = {561--577},
  url = {https://www.usenix.org/conference/osdi18/presentation/moritz},
  publisher = {{USENIX} Association},
  month = oct,
}

@article{casadi,
  title={CasADi: a software framework for nonlinear optimization and optimal control},
  author={Andersson, Joel AE and Gillis, Joris and Horn, Greg and Rawlings, James B and Diehl, Moritz},
  journal={Mathematical Programming Computation},
  volume={11},
  number={1},
  pages={1--36},
  year={2019},
  publisher={Springer},
  doi={10.1007/s12532-018-0139-4}
}

@article{pybamm,
  title={Python battery mathematical modelling (PyBaMM)},
  author={Sulzer, Valentin and Marquis, Scott G and Timms, Robert and Robinson, Martin and Chapman, S Jon},
  journal={Journal of Open Research Software},
  volume={9},
  number={1},
  year={2021},
  publisher={Ubiquity Press},
  doi={10.5334/jors.309}
}

@book{ltspice,
  title={The LTspice IV simulator: manual, methods and applications},
  author={Brocard, Gilles},
  year={2013},
  publisher={W{\"u}rth Elektronik}
}

@article{mna,
  title={The modified nodal approach to network analysis},
  author={Ho, Chung-Wen and Ruehli, Albert and Brennan, Pierce},
  journal={IEEE Transactions on circuits and systems},
  volume={22},
  number={6},
  pages={504--509},
  year={1975},
  publisher={IEEE},
  doi={10.1109/TCS.1975.1084079}
}

@article{jellyroll,
  title={Probing heterogeneity in {L}i-ion batteries with coupled multiscale models of electrochemistry and thermal transport using tomographic domains},
  author={Tranter, T G and Timms, R and Heenan, T M M and Marquis, S G and Sulzer, V and Jnawali, A and Kok, M D R and Please, C P and Chapman, S J and Shearing, P R and others},
  journal={Journal of The Electrochemical Society},
  volume={167},
  number={11},
  pages={110538},
  year={2020},
  publisher={IOP Publishing},
  doi={10.1149/1945-7111/aba44b}
}

@article{Chen2020,
  title={Development of experimental techniques for parameterization of multi-scale lithium-ion battery models},
  author={Chen, Chang-Hui and Brosa Planella, Ferran and Oâ€™Regan, Kieran and Gastol, Dominika and Widanage, W Dhammika and Kendrick, Emma},
  journal={Journal of The Electrochemical Society},
  volume={167},
  number={8},
  pages={080534},
  year={2020},
  publisher={IOP Publishing},
  doi={10.1149/1945-7111/ab9050}
}

@article{Marquis2020,
  title={A suite of reduced-order models of a single-layer lithium-ion pouch cell},
  author={Marquis, Scott G and Timms, Robert and Sulzer, Valentin and Please, Colin P and Chapman, S Jon},
  journal={Journal of The Electrochemical Society},
  volume={167},
  number={14},
  pages={140513},
  year={2020},
  publisher={IOP Publishing},
  doi={10.1149/1945-7111/abbce4}
}
