@INPROCEEDINGS{svofps2020,
       author = {{Rodrigo}, C. and {Solano}, E.},
        title = "{The SVO Filter Profile Service}",
    booktitle = {XIV.0 Scientific Meeting (virtual) of the Spanish Astronomical Society},
         year = 2020,
        month = jul,
          eid = {182},
        pages = {182},
       adsurl = {https://ui.adsabs.harvard.edu/abs/2020sea..confE.182R},
      adsnote = {Provided by the SAO/NASA Astrophysics Data System}
}

@ARTICLE{astropy,
   author = {{Astropy Collaboration} and {Robitaille}, T.~P. and {Tollerud}, E.~J. and
	{Greenfield}, P. and {Droettboom}, M. and {Bray}, E. and {Aldcroft}, T. and
	{Davis}, M. and {Ginsburg}, A. and {Price-Whelan}, A.~M. and
	{Kerzendorf}, W.~E. and {Conley}, A. and {Crighton}, N. and
	{Barbary}, K. and {Muna}, D. and {Ferguson}, H. and {Grollier}, F. and
	{Parikh}, M.~M. and {Nair}, P.~H. and {Unther}, H.~M. and {Deil}, C. and
	{Woillez}, J. and {Conseil}, S. and {Kramer}, R. and {Turner}, J.~E.~H. and
	{Singer}, L. and {Fox}, R. and {Weaver}, B.~A. and {Zabalza}, V. and
	{Edwards}, Z.~I. and {Azalee Bostroem}, K. and {Burke}, D.~J. and
	{Casey}, A.~R. and {Crawford}, S.~M. and {Dencheva}, N. and
	{Ely}, J. and {Jenness}, T. and {Labrie}, K. and {Lim}, P.~L. and
	{Pierfederici}, F. and {Pontzen}, A. and {Ptak}, A. and {Refsdal}, B. and
	{Servillat}, M. and {Streicher}, O.},
    title = "{Astropy: A community Python package for astronomy}",
  journal = {\aap},
archivePrefix = "arXiv",
   eprint = {1307.6212},
 primaryClass = "astro-ph.IM",
 keywords = {methods: data analysis, methods: miscellaneous, virtual observatory tools},
     year = 2013,
    month = oct,
   volume = 558,
      eid = {A33},
    pages = {A33},
      doi = {10.1051/0004-6361/201322068},
   adsurl = {http://adsabs.harvard.edu/abs/2013A%26A...558A..33A},
  adsnote = {Provided by the SAO/NASA Astrophysics Data System}
}

@ARTICLE{worthey1994,
       author = {{Worthey}, Guy and {Faber}, S.~M. and {Gonzalez}, J. Jesus and {Burstein}, D.},
        title = "{Old Stellar Populations. V. Absorption Feature Indices for the Complete Lick/IDS Sample of Stars}",
      journal = {\apjs},
     keywords = {Absorption Spectra, Sky Surveys (Astronomy), Star Distribution, Abundance, Metallicity, Stellar Atmospheres, Stellar Gravitation, Stellar Temperature, Astronomy, GALAXIES: STELLAR CONTENT, STARS: ABUNDANCES, STARS: ATMOSPHERES, STARS: FUNDAMENTAL PARAMETERS},
         year = 1994,
        month = oct,
       volume = {94},
        pages = {687},
          doi = {10.1086/192087},
       adsurl = {https://ui.adsabs.harvard.edu/abs/1994ApJS...94..687W},
      adsnote = {Provided by the SAO/NASA Astrophysics Data System}
}

@software{zenodopyphot,
  author       = {Fouesneau, Morgan},
  title        = {pyphot},
  month        = jun,
  year         = 2024,
  publisher    = {Zenodo},
  version      = {pyphot\_v1.4.7},
  doi          = {10.5281/zenodo.12544188},
  url          = {https://doi.org/10.5281/zenodo.12544188}
}

@ARTICLE{Koornneef1986,
       author = {{Koornneef}, J. and {Bohlin}, R. and {Buser}, R. and {Horne}, K. and {Turnshek}, D.},
        title = "{Synthetic photometry and the calibration of the Hubble Space Telescope.}",
      journal = {Highlights of Astronomy},
     keywords = {Astronomical Photometry, Calibrating, Hubble Space Telescope, Bandpass Filters, Reference Stars, Stellar Magnitude, Ubv Spectra, Astronomy, Numerical Methods:Photometric Systems, Photometric Systems:Numerical Methods, Space Telescope:Calibration},
         year = 1986,
        month = jan,
       volume = {7},
        pages = {833-843},
       adsurl = {https://ui.adsabs.harvard.edu/abs/1986HiA.....7..833K},
      adsnote = {Provided by the SAO/NASA Astrophysics Data System}
}


